@online{aiwebsite,
    author    = "IBM",
    title     = "What is artificial intelligence (AI)?",
    url       = "https://www.ibm.com/topics/artificial-intelligence",
    urldate = {2024-05-29} ,
}

@online{mlwebsite,
    author    = "IBM",
    title     = "What is machine learning (ML)?",
    url       = "https://www.ibm.com/topics/machine-learning",
    urldate = {2024-05-29},
}

@online{cvwebsite,
    author    = "IBM",
    title     = "What is computer vision (CV)?",
    url       = "https://www.ibm.com/topics/computer-vision",
    urldate = {2024-05-29},
}

@online{nlpwebsite,
    author    = "SkillFactory",
    title     = "Словарь IT",
    url       = "https://blog.skillfactory.ru/glossary/nlp/",
    urldate = {2024-05-29},
}

@online{neuralwebsite,
    author    = "IBM",
    title     = "What is neural networks?",
    url       = "https://www.ibm.com/topics/neural-networks",
    urldate = {2024-05-29},
}

@online{tinkoffresearch,
    author    = "Tinkoff Ecommerce",
    title     = "Итоги года на маркетплейсах: в 2023 году",
    url       = "https://www.tinkoff.ru/about/news/29012024-marketplaces-year-results-number-of-purchases-increased-by-63-percent-in-2023/",
    urldate = {2024-05-29},
}

@online{turbotextpro,
    author    = "TurboText.Pro",
    title     = "Сервис",
    url       = "https://turbotext.pro/",
    urldate = {2024-05-29},
}

@online{gerwin,
    author    = "Gerwin",
    title     = "Сервис",
    url       = "https://app.gerwin.io/",
    urldate = {2024-05-29},
}

@online{copymonkey,
    author    = "CopyMonkey",
    title     = "Сервис",
    url       = "https://www.copymonkey.app/",
    urldate = {2024-05-29},
}

@online{fashion_mnist,
    author    = "Github",
    title     = "Датасет Fashion-MNIST",
    url       = "https://github.com/zalandoresearch/fashion-mnist",
    urldate = {2024-05-29},
}

@online{victoria_secret_data,
    author    = "Kaggle",
    title     = "Датасет Innerwear Data from Victoria's Secret, Others",
    url       = "https://www.kaggle.com/datasets/PromptCloudHQ/innerwear-data-from-victorias-secret-and-others",
    urldate = {2024-05-29},
}

@online{eсommerce_item_data,
    author    = "Kaggle",
    title     = "Датасет eCommerce Item Data",
    url       = "https://www.kaggle.com/datasets/cclark/product-item-data",
    urldate = {2024-05-29},
}

@online{amazon_data,
    author    = "Data World",
    title     = "Датасет Fashion Products on Amazon",
    url       = "https://data.world/promptcloud/fashion-products-on-amazon-com",
    urldate = {2024-05-29},
}

@article{vit,
    author  = "Alexey Dosovitskiy and Lucas Beyer and Alexander Kolesnikov and Dirk Weissenborn and Xiaohua Zhai and Thomas Unterthiner and Mostafa Dehghani and Matthias Minderer and Georg Heigold and Sylvain Gelly and Jakob Uszkoreit and Neil Houlsby" and
    title   = "An image is worth 16x16 words: Transformers for image recognition at scale",
    year    = "2021",
}

@article{efficientnetv2,
    author  = "Mingxing Tan and Quoc V. Le",
    title   = "EfficientNetV2: Smaller Models and Faster Training",
    year    = "2021",
}

@online{efficient-b0,
    author    = "TorontoAI",
    title     = "EfficientNet: повышение точности и эффективности с помощью AutoML и масштабирования моделей",
    url       = "https://torontoai.org/2019/05/28/efficientnet-improving-accuracy-and-efficiency-through-automl-and-model-scaling/",
    urldate = {2024-05-29},
}

@article{resnet,
    author  = "Kaiming He and Xiangyu Zhang and Shaoqing Ren and Jian Sun",
    title   = "Deep Residual Learning for Image Recognition",
    year    = "2015",
}

@article{mobilenet,
    author  = "Andrew G. Howard and Menglong Zhu and Bo Chen and Dmitry Kalenichenko and Weijun Wang and Tobias Weyand and Marco Andreetto and Hartwig Adam",
    title   = "Efficient Convolutional Neural Networks for Mobile Vision Applications",
    year    = "2017",
}

@article{mobilenetv2,
    author  = "Mark Sandler and Andrew Howard and Menglong Zhu and Andrey Zhmoginov and Liang-Chieh Chen",
    title   = "MobileNetV2: Inverted Residuals and Linear Bottlenecks",
    year    = "2019",
}

@article{mobilenetv3,
    author  = "Andrew Howard and Mark Sandler and Grace Chu and Liang-Chieh Chen and Bo Chen and Mingxing Tan and Weijun Wang and Yukun Zhu and Ruoming Pang and Vijay Vasudevan and Quoc V. Le and Hartwig Adam",
    title   = "Searching for MobileNetV3",
    year    = "2019",
}

@article{efficientnet,
    author  = "Mingxing Tan and Quoc V. Le",
    title   = "EfficientNet: Rethinking Model Scaling for Convolutional Neural Networks",
    year    = "2020",
}

@online{loginom,
    author    = "Loginom",
    title     = "Метрики качества моделей бинарной классификации",
    url       = "https://loginom.ru/blog/classification-quality",
    urldate = {2024-05-29},
}

@online{cnn-rnn-image-captioning,
    author    = "Github",
    title     = "Реализация архитектуры Image Captioning с использованием CNN и RNN",
    url       = "https://github.com/sgrvinod/a-PyTorch-Tutorial-to-Image-Captioning",
    urldate = {2024-05-29},
}

@online{arch-cnn-rnn-image-captioning,
    author    = "Towards Data Science",
    title     = "Архитектура Image Captioning с использованием CNN и RNN",
    url       = "https://towardsdatascience.com/automatic-image-captioning-with-cnn-rnn-aae3cd442d83",
    urldate = {2024-05-29},
}

@online{cnn-rnn-image-captioning-google,
    author    = "Google",
    title     = "Create image captioning models: Overview",
    url       = "https://www.youtube.com/watch?v=LWIZj_RJYjM",
    urldate = {2024-05-29},
}

@online{vit-gpt2-image-captioning,
    author    = "HuggingFace",
    title     = "Реализация архитектуры Image Captioning с использованием трансформеров",
    url       = "https://huggingface.co/nlpconnect/vit-gpt2-image-captioning",
    urldate = {2024-05-29},
}

@article{transformers,
    author  = "Ashish Vaswani and Noam Shazeer and Niki Parmar and Jakob Uszkoreit and Llion Jones and Aidan N. Gomez and Lukasz Kaiser and Illia Polosukhin",
    title   = "Attention Is All You Need",
    year    = "2017",
}

@article{attention,
    author  = "Dzmitry Bahdanau and KyungHyun Cho and Yoshua Bengio",
    title   = "Neural Machine Translation by jointly learning to align and translate",
    year    = "2014" and
}

@article{gpt-1,
    author  = "Alec Radford and Karthik Narasimhan and Tim Salimans and Ilya Sutskever",
    title   = "Improving Language Understanding by Generative Pre-Training",
    year    = "2018",
}


@article{gpt-2,
    author  = "Alec Radford and Jeffrey Wu and Rewon Child and David Luan and Dario Amodei and Ilya Sutskever",
    title   = "Language Models are Unsupervised Multitask Learner",
    year    = "2019",
}

@article{gpt-3,
    author  = "Tom B. Brown and Benjamin Mann and Nick Ryder and Melanie Subbiah and Jared Kaplan and Prafulla Dhariwal and Arvind Neelakantan and Pranav Shyam and Girish Sastry and Amanda Askell and Sandhini Agarwal and Ariel Herbert-Voss and Gretchen Krueger and Tom Henighan and Rewon Child and Aditya Ramesh and Daniel M. Ziegler and Jeffrey Wu and Clemens Winter and Christopher Hesse and Mark Chen and Eric Sigler and Mateusz Litwin and Scott Gray and Benjamin Chess and Jack Clark and Christopher Berner and Sam McCandlish and Alec Radford and Ilya Sutskever and Dario Amodei",
    title   = "Language Models are Few-Shot Learners",
    year    = "2020",
}

@article{gpt-4,
    author  = "OpenAI",
	title   = "GPT-4 Technical Reports",
    year    = "2024",
}

@online{gpt-4-params,
    author    = "Medium",
    title     = "GPT-4 Parameters: The Future of Natural Language Processing.",
    url       = "https://medium.com/@mlubbad/gpt-4-parameters-the-future-of-natural-language-processing-7f0f099070f8",
    urldate = {2024-05-29},
}

@online{cutmix,
    author    = "ReadMedium",
    title     = "Cutout, Mixup, and Cutmix: Implementing Modern Image Augmentations in PyTorch",
    url       = "https://readmedium.com/cutout-mixup-and-cutmix-implementing-modern-image-augmentations-in-pytorch-a9d7db3074ad",
    urldate = {2024-05-29},
}

@online{vitalflux,
    author    = "Аджитеш Кумар",
    title     = "Жадный поиск и декодирование с лучевым поиском: концепции, примеры",
    url       = "https://vitalflux.com/greedy-search-vs-beam-search-decoding-concepts-examples/",
    urldate = {2024-05-29},
}

@online{russiaapp,
    author    = "Sarah Perez",
    title     = "Russia’s App Store lost nearly 7K apps since its invasion of Ukraine, but some Big Tech apps remain",
    url       = "https://techcrunch.com/2022/03/15/russias-app-store-lost-nearly-7k-apps-since-its-invasion-of-ukraine-but-some-big-tech-apps-remain/",
    urldate = {2024-05-29},
}

@online{telegram-stats,
    author    = "Алексей Бегин",
    title     = "Статистика Telegram (июнь 2024)",
    url       = "https://inclient.ru/telegram-stats/",
    urldate = {2024-06-01},
}

@online{pyton,
    author    = "Pyton",
    title     = "Документация",
    url       = "https://www.python.org/doc/",
    urldate = {2024-05-29},
}

@online{pytorch,
    author    = "Pytorch",
    title     = "Документация",
    url       = "https://pytorch.org/",
    urldate = {2024-05-29},
}

@online{fastapi,
    author    = "FastApi",
    title     = "Документация",
    url       = "https://fastapi.tiangolo.com/",
    urldate = {2024-05-29},
}

@online{celery,
    author    = "Celery",
    title     = "Документация",
    url       = "https://docs.celeryq.dev/en/stable/",
    urldate = {2024-05-29},
}

@online{rabbitmq,
    author    = "RabbitMQ",
    title     = "Документация",
    url       = "https://www.rabbitmq.com/docs",
    urldate = {2024-05-29},
}

@online{postgresql,
    author    = "PostgreSQL",
    title     = "Документация",
    url       = "https://www.postgresql.org/docs/",
    urldate = {2024-05-29},
}

@online{aiogram,
    author    = "Aiogram",
    title     = "Документация",
    url       = "https://docs.aiogram.dev/en/dev-3.x/",
    urldate = {2024-05-29},
}

@online{docker,
    author    = "Docker",
    title     = "Документация",
    url       = "https://docs.docker.com/",
    urldate = {2024-05-29},
}

@online{kubernetes,
    author    = "Kubernetes",
    title     = "Документация",
    url       = "https://kubernetes.io/docs/home/",
    urldate = {2024-05-29},
}

@online{prometheus,
    author    = "Prometheus",
    title     = "Документация",
    url       = "https://prometheus.io/docs/introduction/overview/",
    urldate = {2024-05-29},
}

@online{grafana,
    author    = "Grafana",
    title     = "Документация",
    url       = "https://grafana.com/docs/",
    urldate = {2024-05-29},
}

@online{github,
    author    = "Бузаева Софья and Куликов Дмитрий",
    title     = "Реализация проекта: SEO-оптимизация карточек товара на маркетплейсах",
    url       = "https://github.com/Kulikov17/seo-optimization-product-cards/",
    urldate = {2024-05-29},
}

